<record><leader>00000cas a2200000 a 4500</leader><controlfield tag="001">2561752</controlfield><controlfield tag="008">761116u1972uuuucaumr ne      0   a0eng c</controlfield><datafield ind1=" " ind2=" " tag="010"><subfield code="a">sn 94053446 </subfield></datafield><datafield ind1=" " ind2=" " tag="040"><subfield code="a">UCU</subfield><subfield code="b">eng</subfield><subfield code="c">UCU</subfield><subfield code="d">CNW</subfield><subfield code="d">EYM</subfield><subfield code="d">NYS</subfield><subfield code="d">ZYU</subfield><subfield code="d">HLS</subfield><subfield code="d">OCLCQ</subfield><subfield code="d">OCLCF</subfield><subfield code="d">OCLCO</subfield><subfield code="d">OCLCQ</subfield></datafield><datafield ind1="0" ind2=" " tag="041"><subfield code="a">eng</subfield><subfield code="a">spa</subfield></datafield><datafield ind1=" " ind2=" " tag="042"><subfield code="a">pcc</subfield></datafield><datafield ind1=" " ind2=" " tag="043"><subfield code="a">n-us-ca</subfield></datafield><datafield ind1="1" ind2="4" tag="050"><subfield code="a">HD4802</subfield><subfield code="b">.B29</subfield></datafield><datafield ind1="0" ind2=" " tag="082"><subfield code="a">331</subfield></datafield><datafield ind1="0" ind2="0" tag="245"><subfield code="a">Bay Area worker.</subfield></datafield><datafield ind1="3" ind2="1" tag="246"><subfield code="a">Obrero de la area de la bahia</subfield></datafield><datafield ind1="3" ind2="1" tag="246"><subfield code="a">Obrero del area de la bahia</subfield></datafield><datafield ind1=" " ind2=" " tag="260"><subfield code="a">San Francisco, Ca. :</subfield><subfield code="b">[publisher not identified],</subfield><subfield code="c">[1972]-</subfield></datafield><datafield ind1=" " ind2=" " tag="300"><subfield code="a">volumes :</subfield><subfield code="b">illustrations ;</subfield><subfield code="c">51 cm</subfield></datafield><datafield ind1=" " ind2=" " tag="310"><subfield code="a">Monthly</subfield></datafield><datafield ind1=" " ind2=" " tag="336"><subfield code="a">text</subfield><subfield code="b">txt</subfield><subfield code="2">rdacontent</subfield></datafield><datafield ind1=" " ind2=" " tag="337"><subfield code="a">unmediated</subfield><subfield code="b">n</subfield><subfield code="2">rdamedia</subfield></datafield><datafield ind1=" " ind2=" " tag="338"><subfield code="a">volume</subfield><subfield code="b">nc</subfield><subfield code="2">rdacarrier</subfield></datafield><datafield ind1="0" ind2=" " tag="362"><subfield code="a">[Vol. 1, no. 1] (Apr. 1972)-</subfield></datafield><datafield ind1=" " ind2=" " tag="500"><subfield code="a">Issues for Apr. 1972-July 1972 include a Spanish section called: Obrero de la area de la bahia; issues for Aug. 1972-&lt;Sept. 1975&gt; include a Spanish section called: Obrero del area de la bahia.</subfield></datafield><datafield ind1=" " ind2=" " tag="515"><subfield code="a">Issue for Apr. 1972 numbered: v. 2, no. 9, but represents: v.1, no. 1.</subfield></datafield><datafield ind1=" " ind2=" " tag="515"><subfield code="a">Issues for Apr.-July 1972 bear a separate designation: Vol. 2, no. 9 (Abr. 1972)-v. 2, no. 12 (jul. 1972).</subfield></datafield><datafield ind1=" " ind2=" " tag="546"><subfield code="a">In English and Spanish.</subfield></datafield><datafield ind1=" " ind2=" " tag="580"><subfield code="a">Formed by the union of: People get ready (Richmond, Calif.), and: Salt of the earth (San Jose, Calif.), and: San Francisco wildcat.</subfield></datafield><datafield ind1=" " ind2=" " tag="588"><subfield code="a">Latest issue consulted: Vol. 4, no. 4 (Sept. 1975).</subfield></datafield><datafield ind1=" " ind2="0" tag="650"><subfield code="a">Working class</subfield><subfield code="z">California</subfield><subfield code="z">San Francisco Bay Area</subfield><subfield code="v">Newspapers.</subfield></datafield><datafield ind1=" " ind2="0" tag="650"><subfield code="a">Minorities</subfield><subfield code="z">California</subfield><subfield code="z">San Francisco Bay Area</subfield><subfield code="v">Newspapers.</subfield></datafield><datafield ind1=" " ind2="0" tag="651"><subfield code="a">San Francisco (Calif.)</subfield><subfield code="v">Newspapers.</subfield></datafield><datafield ind1=" " ind2="0" tag="651"><subfield code="a">San Francisco Bay Area (Calif.)</subfield><subfield code="v">Newspapers.</subfield></datafield><datafield ind1=" " ind2="0" tag="651"><subfield code="a">San Jose (Calif.)</subfield><subfield code="v">Newspapers.</subfield></datafield><datafield ind1=" " ind2="0" tag="651"><subfield code="a">Alameda County (Calif.)</subfield><subfield code="v">Newspapers.</subfield></datafield><datafield ind1=" " ind2="7" tag="650"><subfield code="a">Minorities.</subfield><subfield code="2">fast</subfield><subfield code="0">(OCoLC)fst01023088</subfield></datafield><datafield ind1=" " ind2="7" tag="650"><subfield code="a">Working class.</subfield><subfield code="2">fast</subfield><subfield code="0">(OCoLC)fst01180418</subfield></datafield><datafield ind1=" " ind2="7" tag="651"><subfield code="a">California</subfield><subfield code="z">Alameda County.</subfield><subfield code="2">fast</subfield><subfield code="0">(OCoLC)fst01205577</subfield></datafield><datafield ind1=" " ind2="7" tag="651"><subfield code="a">California</subfield><subfield code="z">San Francisco.</subfield><subfield code="2">fast</subfield><subfield code="0">(OCoLC)fst01204481</subfield></datafield><datafield ind1=" " ind2="7" tag="651"><subfield code="a">California</subfield><subfield code="z">San Francisco Bay Area.</subfield><subfield code="2">fast</subfield><subfield code="0">(OCoLC)fst01242397</subfield></datafield><datafield ind1=" " ind2="7" tag="651"><subfield code="a">California</subfield><subfield code="z">San Jose.</subfield><subfield code="2">fast</subfield><subfield code="0">(OCoLC)fst01206320</subfield></datafield><datafield ind1=" " ind2="7" tag="655"><subfield code="a">Newspapers.</subfield><subfield code="2">fast</subfield><subfield code="0">(OCoLC)fst01423814</subfield></datafield><datafield ind1=" " ind2=" " tag="752"><subfield code="a">United States</subfield><subfield code="b">California</subfield><subfield code="c">San Francisco</subfield><subfield code="d">San Francisco.</subfield></datafield><datafield ind1=" " ind2=" " tag="752"><subfield code="a">United States</subfield><subfield code="b">California</subfield><subfield code="c">Alameda</subfield><subfield code="d">San Jose.</subfield></datafield><datafield ind1="1" ind2="4" tag="780"><subfield code="t">People get ready (Richmond, Calif.)</subfield><subfield code="w">(DLC)sn 95063029</subfield><subfield code="w">(OCoLC)31944295</subfield></datafield><datafield ind1="1" ind2="4" tag="780"><subfield code="t">Salt of the earth (San Jose, Calif.)</subfield><subfield code="w">(DLC)sn 94053449</subfield><subfield code="w">(OCoLC)31627866</subfield></datafield><datafield ind1="1" ind2="4" tag="780"><subfield code="t">San Francisco wildcat</subfield><subfield code="w">(DLC)sn 94053460</subfield><subfield code="w">(OCoLC)31702762</subfield></datafield><datafield ind1="1" ind2=" " tag="029"><subfield code="a">AU@</subfield><subfield code="b">000011427560</subfield></datafield></record>